<?xml version="1.0" encoding="UTF-8"?><collection xmlns="http://www.loc.gov/MARC21/slim"><record><leader>00432nam--2200181-u-4500</leader><controlfield tag="001">000055228</controlfield><controlfield tag="002">20161230</controlfield><controlfield tag="005">20161230201052</controlfield><controlfield tag="008">121127s1000------------r-----000-0-rus-d</controlfield><datafield ind1=" " ind2=" " tag="040"><subfield code="a">IFIN-HH</subfield></datafield><datafield ind1=" " ind2=" " tag="041"><subfield code="a">rus</subfield></datafield><datafield ind1=" " ind2=" " tag="080"><subfield code="a">538.91</subfield></datafield><datafield ind1="1" ind2=" " tag="100"><subfield code="a">Doros, A.K</subfield></datafield><datafield ind1="1" ind2="0" tag="245"><subfield code="a">Struktura kondensirovannih sistem</subfield><subfield code="c">A.k. doros</subfield></datafield><datafield ind1=" " ind2=" " tag="260"><subfield code="a">Lvov</subfield><subfield code="b">Visa Skola</subfield><subfield code="c">1981</subfield></datafield><datafield ind1=" " ind2=" " tag="300"><subfield code="a">175P</subfield></datafield><datafield ind1=" " ind2=" " tag="852"><subfield code="a">75612</subfield><subfield code="c">539.2</subfield></datafield><datafield ind1=" " ind2=" " tag="CAT"><subfield code="a">Sys</subfield><subfield code="c">20121127</subfield><subfield code="h">111623</subfield></datafield></record></collection>